[gd_scene load_steps=13 format=3 uid="uid://dh71ws8jh2gkw"]

[ext_resource type="Script" path="res://scripts/personagem.gd" id="1_lwycd"]
[ext_resource type="PackedScene" uid="uid://csfoo20jrx8ce" path="res://componentes/animacao.tscn" id="2_7gbgk"]
[ext_resource type="Script" path="res://scripts/player_camera.gd" id="3_mj2sr"]
[ext_resource type="Shader" path="res://scripts/shaders/mudar_paleta.gdshader" id="3_vyabm"]
[ext_resource type="Script" path="res://scripts/item_cabeca.gd" id="4_coxat"]
[ext_resource type="AudioStream" uid="uid://dyx5j83petlv4" path="res://arte/musica_e_som/efeitos/passo1.wav" id="5_nbayp"]
[ext_resource type="AudioStream" uid="uid://cft1dfmco67av" path="res://arte/musica_e_som/efeitos/passo2.wav" id="6_om5fc"]
[ext_resource type="AudioStream" uid="uid://btrf0oc1v74kr" path="res://arte/musica_e_som/efeitos/passo3.wav" id="7_p3p28"]

[sub_resource type="RectangleShape2D" id="RectangleShape2D_5oa5j"]
size = Vector2(3.06432, 8)

[sub_resource type="ShaderMaterial" id="ShaderMaterial_8fxhh"]
resource_local_to_scene = true
shader = ExtResource("3_vyabm")
shader_parameter/original_0 = Color(0.941176, 0, 0, 1)
shader_parameter/original_1 = Color(1, 1, 0, 1)
shader_parameter/original_2 = Color(0, 1, 0, 1)
shader_parameter/original_3 = Color(1, 0.501961, 0, 1)
shader_parameter/original_4 = Color(0, 0, 1, 1)
shader_parameter/replace_0 = Color(0.901639, 0.330082, 0.546286, 1)
shader_parameter/replace_1 = Color(0.7921, 0.216296, 0.707061, 1)
shader_parameter/replace_2 = Color(0.482501, 0.417649, 0.963705, 1)
shader_parameter/replace_3 = Color(0.306862, 0.295926, 0.754153, 1)
shader_parameter/replace_4 = Color(0.143088, 0.0873361, 0.154537, 1)

[sub_resource type="RectangleShape2D" id="RectangleShape2D_xwmdt"]

[sub_resource type="AudioStreamRandomizer" id="AudioStreamRandomizer_epnvn"]
random_pitch = 8.0
random_volume_offset_db = 1.0
streams_count = 3
stream_0/stream = ExtResource("5_nbayp")
stream_1/stream = ExtResource("6_om5fc")
stream_2/stream = ExtResource("7_p3p28")

[node name="Personagem" type="CharacterBody2D" node_paths=PackedStringArray("camera", "colocar_posicao", "animacao") groups=["Player"]]
light_mask = 2
visibility_layer = 2
y_sort_enabled = true
position = Vector2(0, -13)
collision_layer = 2
collision_mask = 5
script = ExtResource("1_lwycd")
camera = NodePath("Camera2D")
colocar_posicao = NodePath("posicao_de_colocar")
animacao = NodePath("animacao")
speed = 100

[node name="CollisionShape2D" type="CollisionShape2D" parent="."]
position = Vector2(-5.04871e-29, 10)
scale = Vector2(2.61069, 0.758922)
shape = SubResource("RectangleShape2D_5oa5j")

[node name="animacao" parent="." instance=ExtResource("2_7gbgk")]
material = SubResource("ShaderMaterial_8fxhh")

[node name="posicao_de_colocar" type="Marker2D" parent="."]
position = Vector2(11, 11)

[node name="Mouse" type="Area2D" parent="."]

[node name="CollisionShape2D" type="CollisionShape2D" parent="Mouse"]
visible = false
shape = SubResource("RectangleShape2D_xwmdt")

[node name="Camera2D" type="Camera2D" parent="."]
position_smoothing_enabled = true
position_smoothing_speed = 3.0
script = ExtResource("3_mj2sr")

[node name="GerenciadorDeObjetos" type="Marker2D" parent="."]
position = Vector2(0, -8)
script = ExtResource("4_coxat")

[node name="Pasos" type="AudioStreamPlayer" parent="."]
stream = SubResource("AudioStreamRandomizer_epnvn")
autoplay = true
bus = &"Efeitos Sonoros"

[connection signal="andando_passo" from="animacao" to="." method="_on_animacao_andando_passo"]
[connection signal="anim_mudada" from="animacao" to="." method="_on_animacao_anim_mudada"]
[connection signal="mouse_entered" from="Mouse" to="Camera2D" method="_on_mouse_mouse_entered"]
[connection signal="mouse_exited" from="Mouse" to="Camera2D" method="_on_mouse_mouse_exited"]
